<?xml version="1.0" encoding="UTF-8"?><collection xmlns="http://www.loc.gov/MARC21/slim"><record><leader>00415nam--2200145-i-4500</leader><controlfield tag="001">000022979</controlfield><controlfield tag="002">20161230</controlfield><controlfield tag="005">20161230201034</controlfield><controlfield tag="008">060222s1000------------r-----000-0-eng-d</controlfield><datafield ind1=" " ind2=" " tag="080"><subfield code="a">536.7</subfield></datafield><datafield ind1=" " ind2=" " tag="100"><subfield code="a">Giles, R</subfield></datafield><datafield ind1=" " ind2=" " tag="245"><subfield code="a">Mathematical foundations of thermodynamics</subfield></datafield><datafield ind1=" " ind2=" " tag="260"><subfield code="a">Oxford,Pergamon Press, 1964. Xiii+237p</subfield></datafield><datafield ind1=" " ind2=" " tag="490"><subfield code="a">International Series Of Monographs On Pure And Applied Mathematics</subfield></datafield><datafield ind1=" " ind2=" " tag="852"><subfield code="a">10184</subfield></datafield></record></collection>